<record xmlns:xsi="http://www.w3.org/2001/XMLSchema-instance" xmlns="http://www.loc.gov/MARC21/slim" xsi:schemaLocation="http://www.loc.gov/MARC21/slim http://www.loc.gov/standards/marcxml/schema/MARC21slim.xsd">

  <leader>00866nam a22001577a 4500</leader>
  <controlfield tag="008">150811b2014    cr ||||| |||| 00| | spa d</controlfield>
  <datafield ind2=" " tag="090" ind1=" ">
    <subfield code="a">06.02.01</subfield>
    <subfield code="b">2001 (2014)</subfield>
  </datafield>
  <datafield ind2=" " tag="100" ind1="1">
    <subfield code="9">110</subfield>
    <subfield code="a">González Zúñiga, Marianela</subfield>
  </datafield>
  <datafield ind2="0" tag="245" ind1="1">
    <subfield code="a">Curso de desarrollo profesional: planeamiemto didáctico desde la visión andragógica /</subfield>
    <subfield code="c">Marianela González Zúniga, encargada de la capacitación y compiladora del material bibliográfico</subfield>
  </datafield>
  <datafield ind2=" " tag="260" ind1=" ">
    <subfield code="a">San José, Costa Rica :</subfield>
    <subfield code="b">INIE, PROEDUCA, Instituto de Desarrollo Profesional Uladislao Gámez Solano,</subfield>
    <subfield code="c">2014</subfield>
  </datafield>
  <datafield ind2=" " tag="300" ind1=" ">
    <subfield code="a">90 páginas</subfield>
  </datafield>
  <datafield tag="500" ind1=" " ind2=" ">
    <subfield code="a">Curso de los 200 días lectivos del Ministerio de Educación Pública de Costa Rica. 
A la cabeza de la portada: Ministerio de Educación Pública. Instituto de Desarrollo Profesional Uladilsao Gámez Solano</subfield>
  </datafield>
  <datafield ind1="1" tag="650" ind2="4">
    <subfield code="9">729</subfield>
    <subfield code="a">CAPACITACIÓN</subfield>
  </datafield>
  <datafield ind2="4" ind1="1" tag="650">
    <subfield code="9">331</subfield>
    <subfield code="a">DOCENTES</subfield>
  </datafield>
  <datafield ind2=" " ind1=" " tag="942">
    <subfield code="2">z</subfield>
    <subfield code="c">04</subfield>
  </datafield>
  <datafield ind2=" " ind1=" " tag="999">
    <subfield code="c">2796</subfield>
    <subfield code="d">2796</subfield>
  </datafield>
</record>